<?xml version="1.0"?>
<zs:searchRetrieveResponse xmlns:zs="http://www.loc.gov/zing/srw/">
	<zs:version>1.1</zs:version>
	<zs:numberOfRecords>177</zs:numberOfRecords>
	<zs:records>
		<zs:record>
			<zs:recordSchema>marcxml</zs:recordSchema>
			<zs:recordPacking>xml</zs:recordPacking>
			<zs:recordData>
				<record xmlns="http://www.loc.gov/MARC21/slim">
					<leader>02604cim a22005891a 4500</leader>
					<controlfield tag="001">1093373</controlfield>
					<controlfield tag="005">20231219115443.0</controlfield>
					<controlfield tag="007">cr nnannnm|cda</controlfield>
					<controlfield tag="007">sr nmnnnnnnned</controlfield>
					<controlfield tag="008">050920s2005    oncnnnneq      zn n eng d</controlfield>
					<datafield tag="010" ind1=" " ind2=" ">
						<subfield code="a">  2022998121</subfield>
					</datafield>
					<datafield tag="020" ind1=" " ind2=" ">
						<subfield code="a">0616262477 (CNIB)</subfield>
					</datafield>
					<datafield tag="040" ind1=" " ind2=" ">
						<subfield code="a">DLC-B</subfield>
						<subfield code="b">eng</subfield>
						<subfield code="c">DLC-B</subfield>
					</datafield>
					<datafield tag="072" ind1=" " ind2="7">
						<subfield code="a">COOKAN</subfield>
						<subfield code="2">NBDL</subfield>
					</datafield>
					<datafield tag="082" ind1="0" ind2="0">
						<subfield code="a">641.5882</subfield>
						<subfield code="a">ANF</subfield>
						<subfield code="2">19</subfield>
					</datafield>
					<datafield tag="084" ind1=" " ind2=" ">
						<subfield code="a">DBG01539</subfield>
						<subfield code="2">z</subfield>
					</datafield>
					<datafield tag="245" ind1="0" ind2="4">
						<subfield code="a">The Canadian living microwave cookbook</subfield>
						<subfield code="h">[sound recording] /</subfield>
						<subfield code="c">by Margaret Fraser and the food writers of Canadian living magazine.</subfield>
					</datafield>
					<datafield tag="260" ind1=" " ind2=" ">
						<subfield code="a">Toronto :</subfield>
						<subfield code="b">CNIB,</subfield>
						<subfield code="c">2005.</subfield>
					</datafield>
					<datafield tag="300" ind1=" " ind2=" ">
						<subfield code="a">1 online resource (audio (11 hours, 3 minutes))</subfield>
					</datafield>
					<datafield tag="306" ind1=" " ind2=" ">
						<subfield code="a">110300</subfield>
					</datafield>
					<datafield tag="336" ind1=" " ind2=" ">
						<subfield code="a">spoken word</subfield>
						<subfield code="b">spw</subfield>
						<subfield code="2">rdacontent</subfield>
					</datafield>
					<datafield tag="337" ind1=" " ind2=" ">
						<subfield code="a">audio</subfield>
						<subfield code="b">s</subfield>
						<subfield code="2">rdamedia</subfield>
					</datafield>
					<datafield tag="337" ind1=" " ind2=" ">
						<subfield code="a">computer</subfield>
						<subfield code="b">c</subfield>
						<subfield code="2">rdamedia</subfield>
					</datafield>
					<datafield tag="338" ind1=" " ind2=" ">
						<subfield code="a">online resource</subfield>
						<subfield code="b">cr</subfield>
						<subfield code="2">rdacarrier</subfield>
					</datafield>
					<datafield tag="344" ind1=" " ind2=" ">
						<subfield code="a">digital</subfield>
						<subfield code="g">mono</subfield>
						<subfield code="2">rda</subfield>
					</datafield>
					<datafield tag="347" ind1=" " ind2=" ">
						<subfield code="a">audio file</subfield>
						<subfield code="b">Daisy</subfield>
						<subfield code="2">rda</subfield>
					</datafield>
					<datafield tag="385" ind1=" " ind2=" ">
						<subfield code="n">age</subfield>
						<subfield code="a">adults</subfield>
						<subfield code="2">lcdgt</subfield>
					</datafield>
					<datafield tag="500" ind1=" " ind2=" ">
						<subfield code="a">Accessed by the National Library Service for the Blind and Print Disabled in 2020.</subfield>
					</datafield>
					<datafield tag="500" ind1=" " ind2=" ">
						<subfield code="a">Title made available courtesy of the Canadian National Institute for the Blind via the Marrakesh Treaty in 2020.</subfield>
					</datafield>
					<datafield tag="506" ind1=" " ind2=" ">
						<subfield code="a">Availability restricted to persons meeting the eligibility requirements of the National Library Service for the Blind and Print Disabled, Library of Congress.</subfield>
					</datafield>
					<datafield tag="511" ind1="0" ind2=" ">
						<subfield code="a">Narrated by: Arlene Wilson.</subfield>
					</datafield>
					<datafield tag="516" ind1=" " ind2=" ">
						<subfield code="a">Digital talking book.</subfield>
					</datafield>
					<datafield tag="520" ind1=" " ind2=" ">
						<subfield code="a">A collection of over 175 microwavable recipes from the food writers of the popular Canadian Living magazine. 1988. Unrated. Marrakesh title.</subfield>
					</datafield>
					<datafield tag="521" ind1=" " ind2=" ">
						<subfield code="a">Female narrator.</subfield>
						<subfield code="b">NLS/BPD</subfield>
					</datafield>
					<datafield tag="521" ind1=" " ind2=" ">
						<subfield code="a">Unrated.</subfield>
						<subfield code="b">NLS/BPD</subfield>
					</datafield>
					<datafield tag="534" ind1=" " ind2=" ">
						<subfield code="p">Recorded from:</subfield>
						<subfield code="c">Toronto : Madison Press, c1988.</subfield>
						<subfield code="z">0394220536.</subfield>
					</datafield>
					<datafield tag="538" ind1=" " ind2=" ">
						<subfield code="a">Full audio with structure.</subfield>
					</datafield>
					<datafield tag="538" ind1=" " ind2=" ">
						<subfield code="a">System requirements: NLS authorized digital talking book player or software. Contact your cooperating library for more information.</subfield>
					</datafield>
					<datafield tag="594" ind1=" " ind2=" ">
						<subfield code="a">CELA</subfield>
						<subfield code="b">DZ15407</subfield>
					</datafield>
					<datafield tag="650" ind1=" " ind2="0">
						<subfield code="a">Cooking.</subfield>
					</datafield>
					<datafield tag="650" ind1=" " ind2="0">
						<subfield code="a">Microwave cooking.</subfield>
					</datafield>
					<datafield tag="655" ind1=" " ind2="4">
						<subfield code="a">Downloadable books.</subfield>
					</datafield>
					<datafield tag="655" ind1=" " ind2="4">
						<subfield code="a">Nonfiction.</subfield>
					</datafield>
					<datafield tag="655" ind1=" " ind2="7">
						<subfield code="a">Cookbooks.</subfield>
						<subfield code="2">lcgft</subfield>
					</datafield>
					<datafield tag="655" ind1=" " ind2="7">
						<subfield code="a">Talking books.</subfield>
						<subfield code="2">lcgft</subfield>
					</datafield>
					<datafield tag="700" ind1="1" ind2=" ">
						<subfield code="a">Fraser, Margaret,</subfield>
						<subfield code="d">-2012,</subfield>
						<subfield code="e">author.</subfield>
					</datafield>
					<datafield tag="700" ind1="1" ind2=" ">
						<subfield code="a">Wilson, Arlene</subfield>
						<subfield code="c">(Narrator),</subfield>
						<subfield code="e">narrator.</subfield>
					</datafield>
					<datafield tag="730" ind1="0" ind2=" ">
						<subfield code="a">Marrakesh Treaty to Facilitate Access to Published Works for Persons who are Blind, Visually Impaired, or Otherwise Print Disabled</subfield>
						<subfield code="d">(2013 June 27)</subfield>
					</datafield>
					<datafield tag="852" ind1="8" ind2="1">
						<subfield code="a">DLC-B</subfield>
						<subfield code="c">DBG01539</subfield>
						<subfield code="z">NLS/BPD</subfield>
					</datafield>
					<datafield tag="856" ind1="4" ind2="0">
						<subfield code="u">http://hdl.loc.gov/loc.nls/dbg.01539</subfield>
						<subfield code="3">Downloadable talking book.</subfield>
						<subfield code="x">bard audio</subfield>
					</datafield>
					<datafield tag="906" ind1=" " ind2=" ">
						<subfield code="a">7</subfield>
						<subfield code="b">cbc</subfield>
						<subfield code="c">blndbks</subfield>
					</datafield>
					<datafield tag="955" ind1=" " ind2=" ">
						<subfield code="a">11 JUL 2022 dbg jkozak</subfield>
					</datafield>
				</record>
			</zs:recordData>
			<zs:recordPosition>1</zs:recordPosition>
		</zs:record>