
		<zs:record>
			<zs:recordSchema>marcxml</zs:recordSchema>
			<zs:recordPacking>xml</zs:recordPacking>
			<zs:recordData>
				<record xmlns="http://www.loc.gov/MARC21/slim">
					<leader>02670nam a22005892a 4500</leader>
					<controlfield tag="001">1098707</controlfield>
					<controlfield tag="005">20220831120300.0</controlfield>
					<controlfield tag="007">cr nn nnn|||aa</controlfield>
					<controlfield tag="007">fb|a bnnnn</controlfield>
					<controlfield tag="008">060324s2005    onc    ef     000 0 eng d</controlfield>
					<datafield tag="010" ind1=" " ind2=" ">
						<subfield code="a">  2022998453</subfield>
					</datafield>
					<datafield tag="020" ind1=" " ind2=" ">
						<subfield code="a">0616285647</subfield>
					</datafield>
					<datafield tag="040" ind1=" " ind2=" ">
						<subfield code="a">DLC-B</subfield>
						<subfield code="b">eng</subfield>
						<subfield code="c">DLC-B</subfield>
					</datafield>
					<datafield tag="041" ind1="0" ind2=" ">
						<subfield code="a">eng</subfield>
					</datafield>
					<datafield tag="050" ind1="0" ind2="0">
						<subfield code="a">BF575.G7</subfield>
						<subfield code="b">C465 2005</subfield>
					</datafield>
					<datafield tag="072" ind1=" " ind2="7">
						<subfield code="a">INSPAN</subfield>
						<subfield code="2">NBDL</subfield>
					</datafield>
					<datafield tag="072" ind1=" " ind2="7">
						<subfield code="a">PHILAN</subfield>
						<subfield code="2">NBDL</subfield>
					</datafield>
					<datafield tag="072" ind1=" " ind2="7">
						<subfield code="a">PSYCAN</subfield>
						<subfield code="2">NBDL</subfield>
					</datafield>
					<datafield tag="082" ind1="0" ind2="0">
						<subfield code="a">155.937</subfield>
						<subfield code="a">ANF</subfield>
						<subfield code="2">21</subfield>
					</datafield>
					<datafield tag="084" ind1=" " ind2=" ">
						<subfield code="a">BRG00630</subfield>
						<subfield code="2">z</subfield>
					</datafield>
					<datafield tag="245" ind1="0" ind2="0">
						<subfield code="a">Chicken soup for the grieving soul</subfield>
						<subfield code="h">[braille] :</subfield>
						<subfield code="b">stories about life, death, and overcoming the loss of a loved one /</subfield>
						<subfield code="c">[compiled by] Jack Canfield, Mark Victor Hansen.</subfield>
					</datafield>
					<datafield tag="260" ind1=" " ind2=" ">
						<subfield code="a">Toronto :</subfield>
						<subfield code="b">CNIB,</subfield>
						<subfield code="c">2005.</subfield>
					</datafield>
					<datafield tag="300" ind1=" " ind2=" ">
						<subfield code="a">3 volumes of braille.</subfield>
					</datafield>
					<datafield tag="336" ind1=" " ind2=" ">
						<subfield code="a">tactile text</subfield>
						<subfield code="b">tct</subfield>
						<subfield code="2">rdacontent</subfield>
					</datafield>
					<datafield tag="337" ind1=" " ind2=" ">
						<subfield code="a">unmediated</subfield>
						<subfield code="b">n</subfield>
						<subfield code="2">rdamedia</subfield>
					</datafield>
					<datafield tag="338" ind1=" " ind2=" ">
						<subfield code="a">volume</subfield>
						<subfield code="b">nc</subfield>
						<subfield code="2">rdacarrier</subfield>
					</datafield>
					<datafield tag="385" ind1=" " ind2=" ">
						<subfield code="n">age</subfield>
						<subfield code="a">adults</subfield>
						<subfield code="2">lcdgt</subfield>
					</datafield>
					<datafield tag="385" ind1=" " ind2=" ">
						<subfield code="n">age</subfield>
						<subfield code="a">teenagers</subfield>
						<subfield code="2">lcdgt</subfield>
					</datafield>
					<datafield tag="500" ind1=" " ind2=" ">
						<subfield code="a">Accessed by the National Library Service for the Blind and Print Disabled in 2020.</subfield>
					</datafield>
					<datafield tag="500" ind1=" " ind2=" ">
						<subfield code="a">Title made available courtesy of the Canadian National Institute for the Blind via the Marrakesh Treaty in 2020.</subfield>
					</datafield>
					<datafield tag="506" ind1=" " ind2=" ">
						<subfield code="a">Availability restricted to persons meeting the eligibility requirements of the National Library Service for the Blind and Print Disabled, Library of Congress.</subfield>
					</datafield>
					<datafield tag="520" ind1=" " ind2=" ">
						<subfield code="a">Accounts of people who have lost a loved one. Each story details the particular death and explains how the author dealt with grief and found the courage to go on. Sections include "Final Gifts," "Coping and Healing," "Special Moments," and "Living Again." 2003. Unrated. Marrakesh title.</subfield>
					</datafield>
					<datafield tag="521" ind1=" " ind2=" ">
						<subfield code="a">Unrated.</subfield>
						<subfield code="b">NLS/BPD</subfield>
					</datafield>
					<datafield tag="534" ind1=" " ind2=" ">
						<subfield code="p">Transcription of:</subfield>
						<subfield code="c">Deerfield Beach, Fla. : Health Communications, 2003.</subfield>
						<subfield code="z">1558749020.</subfield>
					</datafield>
					<datafield tag="546" ind1=" " ind2=" ">
						<subfield code="b">Contracted braille.</subfield>
					</datafield>
					<datafield tag="594" ind1=" " ind2=" ">
						<subfield code="a">CELA</subfield>
						<subfield code="b">EB73028</subfield>
					</datafield>
					<datafield tag="650" ind1=" " ind2="0">
						<subfield code="a">Bereavement</subfield>
						<subfield code="v">Anecdotes.</subfield>
					</datafield>
					<datafield tag="650" ind1=" " ind2="0">
						<subfield code="a">Grief</subfield>
						<subfield code="v">Anecdotes.</subfield>
					</datafield>
					<datafield tag="655" ind1=" " ind2="4">
						<subfield code="a">Downloadable books.</subfield>
					</datafield>
					<datafield tag="655" ind1=" " ind2="4">
						<subfield code="a">Nonfiction.</subfield>
					</datafield>
					<datafield tag="655" ind1=" " ind2="7">
						<subfield code="a">Anecdotes.</subfield>
						<subfield code="2">lcgft</subfield>
					</datafield>
					<datafield tag="655" ind1=" " ind2="7">
						<subfield code="a">Braille books.</subfield>
						<subfield code="2">lcgft</subfield>
					</datafield>
					<datafield tag="655" ind1=" " ind2="7">
						<subfield code="a">Self-help publications.</subfield>
						<subfield code="2">lcgft</subfield>
					</datafield>
					<datafield tag="700" ind1="1" ind2=" ">
						<subfield code="a">Canfield, Jack,</subfield>
						<subfield code="d">1944-</subfield>
						<subfield code="e">compiler.</subfield>
					</datafield>
					<datafield tag="700" ind1="1" ind2=" ">
						<subfield code="a">Hansen, Mark Victor,</subfield>
						<subfield code="e">compiler.</subfield>
					</datafield>
					<datafield tag="730" ind1="0" ind2=" ">
						<subfield code="a">Marrakesh Treaty to Facilitate Access to Published Works for Persons who are Blind, Visually Impaired, or Otherwise Print Disabled</subfield>
						<subfield code="d">(2013 June 27)</subfield>
					</datafield>
					<datafield tag="852" ind1="8" ind2="1">
						<subfield code="a">DLC-B</subfield>
						<subfield code="c">BRG00630</subfield>
						<subfield code="z">NLS/BPD</subfield>
					</datafield>
					<datafield tag="856" ind1="4" ind2="0">
						<subfield code="u">http://hdl.loc.gov/loc.nls/brg.00630v01</subfield>
						<subfield code="3">Volume 1.</subfield>
					</datafield>
					<datafield tag="856" ind1="4" ind2="0">
						<subfield code="u">http://hdl.loc.gov/loc.nls/brg.00630v02</subfield>
						<subfield code="3">Volume 2.</subfield>
					</datafield>
					<datafield tag="856" ind1="4" ind2="0">
						<subfield code="u">http://hdl.loc.gov/loc.nls/brg.00630v03</subfield>
						<subfield code="3">Volume 3.</subfield>
					</datafield>
					<datafield tag="906" ind1=" " ind2=" ">
						<subfield code="a">7</subfield>
						<subfield code="b">cbc</subfield>
						<subfield code="c">blndbks</subfield>
					</datafield>
					<datafield tag="955" ind1=" " ind2=" ">
						<subfield code="a">31 AUG 2022 brg jkozak</subfield>
					</datafield>
				</record>
			</zs:recordData>
			<zs:recordPosition>2</zs:recordPosition>
		</zs:record>