
		<zs:record>
			<zs:recordSchema>marcxml</zs:recordSchema>
			<zs:recordPacking>xml</zs:recordPacking>
			<zs:recordData>
				<record xmlns="http://www.loc.gov/MARC21/slim">
					<leader>03467cim a22007811a 4500</leader>
					<controlfield tag="001">1071886</controlfield>
					<controlfield tag="005">20231219115050.0</controlfield>
					<controlfield tag="007">cr nnannnm|cda</controlfield>
					<controlfield tag="007">sr nmnnnnnnned</controlfield>
					<controlfield tag="008">051205s2005    oncnnnneq      fn n eng d</controlfield>
					<datafield tag="010" ind1=" " ind2=" ">
						<subfield code="a">  2021998888</subfield>
					</datafield>
					<datafield tag="020" ind1=" " ind2=" ">
						<subfield code="a">0616265492 (CNIB)</subfield>
					</datafield>
					<datafield tag="040" ind1=" " ind2=" ">
						<subfield code="a">DLC-B</subfield>
						<subfield code="b">eng</subfield>
						<subfield code="c">DLC-B</subfield>
					</datafield>
					<datafield tag="072" ind1=" " ind2="7">
						<subfield code="a">HISFAF</subfield>
						<subfield code="2">NBDL</subfield>
					</datafield>
					<datafield tag="072" ind1=" " ind2="7">
						<subfield code="a">HUMAAF</subfield>
						<subfield code="2">NBDL</subfield>
					</datafield>
					<datafield tag="072" ind1=" " ind2="7">
						<subfield code="a">POLIAF</subfield>
						<subfield code="2">NBDL</subfield>
					</datafield>
					<datafield tag="072" ind1=" " ind2="7">
						<subfield code="a">SPIEAF</subfield>
						<subfield code="2">NBDL</subfield>
					</datafield>
					<datafield tag="072" ind1=" " ind2="7">
						<subfield code="a">MYSTAF</subfield>
						<subfield code="2">NBDL</subfield>
					</datafield>
					<datafield tag="082" ind1="0" ind2="0">
						<subfield code="a">813.54</subfield>
						<subfield code="a">AFI</subfield>
						<subfield code="2">21</subfield>
					</datafield>
					<datafield tag="084" ind1=" " ind2=" ">
						<subfield code="a">DBG04429</subfield>
						<subfield code="2">z</subfield>
					</datafield>
					<datafield tag="100" ind1="1" ind2=" ">
						<subfield code="a">Adams, Ian,</subfield>
						<subfield code="d">1937-</subfield>
						<subfield code="e">author.</subfield>
					</datafield>
					<datafield tag="245" ind1="1" ind2="0">
						<subfield code="a">Agent of influence</subfield>
						<subfield code="h">[sound recording] :</subfield>
						<subfield code="b">a true story /</subfield>
						<subfield code="c">by Ian Adams.</subfield>
					</datafield>
					<datafield tag="260" ind1=" " ind2=" ">
						<subfield code="a">Toronto :</subfield>
						<subfield code="b">CNIB,</subfield>
						<subfield code="c">2005.</subfield>
					</datafield>
					<datafield tag="300" ind1=" " ind2=" ">
						<subfield code="a">1 online resource (audio (9 hours, 46 minutes))</subfield>
					</datafield>
					<datafield tag="306" ind1=" " ind2=" ">
						<subfield code="a">094600</subfield>
					</datafield>
					<datafield tag="336" ind1=" " ind2=" ">
						<subfield code="a">spoken word</subfield>
						<subfield code="b">spw</subfield>
						<subfield code="2">rdacontent</subfield>
					</datafield>
					<datafield tag="337" ind1=" " ind2=" ">
						<subfield code="a">audio</subfield>
						<subfield code="b">s</subfield>
						<subfield code="2">rdamedia</subfield>
					</datafield>
					<datafield tag="337" ind1=" " ind2=" ">
						<subfield code="a">computer</subfield>
						<subfield code="b">c</subfield>
						<subfield code="2">rdamedia</subfield>
					</datafield>
					<datafield tag="338" ind1=" " ind2=" ">
						<subfield code="a">online resource</subfield>
						<subfield code="b">cr</subfield>
						<subfield code="2">rdacarrier</subfield>
					</datafield>
					<datafield tag="344" ind1=" " ind2=" ">
						<subfield code="a">digital</subfield>
						<subfield code="g">mono</subfield>
						<subfield code="2">rda</subfield>
					</datafield>
					<datafield tag="347" ind1=" " ind2=" ">
						<subfield code="a">audio file</subfield>
						<subfield code="b">Daisy</subfield>
						<subfield code="2">rda</subfield>
					</datafield>
					<datafield tag="385" ind1=" " ind2=" ">
						<subfield code="n">age</subfield>
						<subfield code="a">adults</subfield>
						<subfield code="2">lcdgt </subfield>
					</datafield>
					<datafield tag="500" ind1=" " ind2=" ">
						<subfield code="a">Accessed by the National Library Service for the Blind and Print Disabled in 2020.</subfield>
					</datafield>
					<datafield tag="500" ind1=" " ind2=" ">
						<subfield code="a">Title made available courtesy of the Canadian National Institute for the Blind via the Marrakesh Treaty in 2020.</subfield>
					</datafield>
					<datafield tag="506" ind1=" " ind2=" ">
						<subfield code="a">Availability restricted to persons meeting the eligibility requirements of the National Library Service for the Blind and Print Disabled, Library of Congress.</subfield>
					</datafield>
					<datafield tag="511" ind1="0" ind2=" ">
						<subfield code="a">Narrated by: Mac Samples.</subfield>
					</datafield>
					<datafield tag="516" ind1=" " ind2=" ">
						<subfield code="a">Digital talking book.</subfield>
					</datafield>
					<datafield tag="520" ind1=" " ind2=" ">
						<subfield code="a">A fictionalized account of the interrogation of John Watkins, a former Canadian ambassador to Moscow, in 1964. As a result of the cold war he was taken to a hotel room in Montreal to be debriefed by the RCMP upon his return to Canada. Three days later he was dead. Now Adams presents a fictionalized account of the last days of his life, and of the possible cause of his death. c1999. Unrated. Marrakesh title.</subfield>
					</datafield>
					<datafield tag="521" ind1=" " ind2=" ">
						<subfield code="a">Male narrator.</subfield>
						<subfield code="b">NLS/BPD</subfield>
					</datafield>
					<datafield tag="521" ind1=" " ind2=" ">
						<subfield code="a">Unrated.</subfield>
						<subfield code="b">NLS/BPD</subfield>
					</datafield>
					<datafield tag="534" ind1=" " ind2=" ">
						<subfield code="p">Recorded from:</subfield>
						<subfield code="c">Toronto : Stoddart, c1999.</subfield>
						<subfield code="z">0773731261.</subfield>
					</datafield>
					<datafield tag="538" ind1=" " ind2=" ">
						<subfield code="a">Full audio with structure.</subfield>
					</datafield>
					<datafield tag="538" ind1=" " ind2=" ">
						<subfield code="a">System requirements: NLS authorized digital talking book player or software. Contact your cooperating library for more information.</subfield>
					</datafield>
					<datafield tag="594" ind1=" " ind2=" ">
						<subfield code="a">CELA</subfield>
						<subfield code="b">DZ20475</subfield>
						<subfield code="c">M</subfield>
					</datafield>
					<datafield tag="600" ind1="1" ind2="0">
						<subfield code="a">Watkins, John,</subfield>
						<subfield code="d">1902-1964</subfield>
						<subfield code="v">Fiction.</subfield>
					</datafield>
					<datafield tag="600" ind1="1" ind2="0">
						<subfield code="a">Watkins, John,</subfield>
						<subfield code="d">1902-1964</subfield>
						<subfield code="x">Death and burial</subfield>
						<subfield code="v">Fiction.</subfield>
					</datafield>
					<datafield tag="610" ind1="2" ind2="0">
						<subfield code="a">Royal Canadian Mounted Police</subfield>
						<subfield code="v">Fiction.</subfield>
					</datafield>
					<datafield tag="650" ind1=" " ind2="0">
						<subfield code="a">Ambassadors</subfield>
						<subfield code="x">Death</subfield>
						<subfield code="v">Fiction.</subfield>
					</datafield>
					<datafield tag="650" ind1=" " ind2="0">
						<subfield code="a">Ambassadors</subfield>
						<subfield code="z">Canada</subfield>
						<subfield code="v">Fiction.</subfield>
					</datafield>
					<datafield tag="650" ind1=" " ind2="0">
						<subfield code="a">Cold War</subfield>
						<subfield code="v">Fiction.</subfield>
					</datafield>
					<datafield tag="650" ind1=" " ind2="0">
						<subfield code="a">Questioning</subfield>
						<subfield code="v">Fiction.</subfield>
					</datafield>
					<datafield tag="650" ind1=" " ind2="0">
						<subfield code="a">Espionage, Soviet</subfield>
						<subfield code="z">Canada</subfield>
						<subfield code="v">Fiction.</subfield>
					</datafield>
					<datafield tag="650" ind1=" " ind2="0">
						<subfield code="a">World politics</subfield>
						<subfield code="y">1945-1989</subfield>
						<subfield code="v">Fiction.</subfield>
					</datafield>
					<datafield tag="651" ind1=" " ind2="0">
						<subfield code="a">Canada</subfield>
						<subfield code="x">Foreign relations</subfield>
						<subfield code="z">Soviet Union</subfield>
						<subfield code="v">Fiction.</subfield>
					</datafield>
					<datafield tag="651" ind1=" " ind2="0">
						<subfield code="a">Canada</subfield>
						<subfield code="x">Politics and government</subfield>
						<subfield code="y">1945-1980</subfield>
						<subfield code="v">Fiction.</subfield>
					</datafield>
					<datafield tag="651" ind1=" " ind2="0">
						<subfield code="a">Montre&#x301;al (Que&#x301;bec)</subfield>
						<subfield code="v">Fiction.</subfield>
					</datafield>
					<datafield tag="655" ind1=" " ind2="7">
						<subfield code="a">Biographical fiction.</subfield>
						<subfield code="2">lcgft</subfield>
					</datafield>
					<datafield tag="655" ind1=" " ind2="7">
						<subfield code="a">Historical fiction.</subfield>
						<subfield code="2">lcgft</subfield>
					</datafield>
					<datafield tag="655" ind1=" " ind2="7">
						<subfield code="a">Political fiction.</subfield>
						<subfield code="2">lcgft</subfield>
					</datafield>
					<datafield tag="655" ind1=" " ind2="7">
						<subfield code="a">Fiction.</subfield>
						<subfield code="2">lcgft</subfield>
					</datafield>
					<datafield tag="655" ind1=" " ind2="4">
						<subfield code="a">Downloadable books.</subfield>
					</datafield>
					<datafield tag="655" ind1=" " ind2="7">
						<subfield code="a">Detective and mystery fiction.</subfield>
						<subfield code="2">lcgft</subfield>
					</datafield>
					<datafield tag="655" ind1=" " ind2="7">
						<subfield code="a">Spy fiction.</subfield>
						<subfield code="2">lcgft</subfield>
					</datafield>
					<datafield tag="655" ind1=" " ind2="7">
						<subfield code="a">Talking books.</subfield>
						<subfield code="2">lcgft</subfield>
					</datafield>
					<datafield tag="700" ind1="1" ind2=" ">
						<subfield code="a">Samples, Mac,</subfield>
						<subfield code="e">narrator.</subfield>
					</datafield>
					<datafield tag="852" ind1="8" ind2="1">
						<subfield code="a">DLC-B</subfield>
						<subfield code="c">DBG04429</subfield>
						<subfield code="z">NLS/BPH</subfield>
					</datafield>
					<datafield tag="856" ind1="4" ind2="0">
						<subfield code="u">http://hdl.loc.gov/loc.nls/dbg.04429</subfield>
						<subfield code="3">Downloadable talking book.</subfield>
						<subfield code="x">bard audio</subfield>
					</datafield>
					<datafield tag="955" ind1=" " ind2=" ">
						<subfield code="a">06 SEP 2021 dbg jkozak</subfield>
					</datafield>
				</record>
			</zs:recordData>
			<zs:recordPosition>4</zs:recordPosition>
		</zs:record>