
		<zs:record>
			<zs:recordSchema>marcxml</zs:recordSchema>
			<zs:recordPacking>xml</zs:recordPacking>
			<zs:recordData>
				<record xmlns="http://www.loc.gov/MARC21/slim">
					<leader>02521cam a22005892a 4500</leader>
					<controlfield tag="001">1065031</controlfield>
					<controlfield tag="005">20220811125444.0</controlfield>
					<controlfield tag="007">cr nn nnn|||aa</controlfield>
					<controlfield tag="007">fb|a bnnnn</controlfield>
					<controlfield tag="008">060717s2006    onc    ef     000 1 eng d</controlfield>
					<datafield tag="010" ind1=" " ind2=" ">
						<subfield code="a">  2021994918</subfield>
					</datafield>
					<datafield tag="020" ind1=" " ind2=" ">
						<subfield code="a">0616297378</subfield>
					</datafield>
					<datafield tag="040" ind1=" " ind2=" ">
						<subfield code="a">DLC-B</subfield>
						<subfield code="b">eng</subfield>
						<subfield code="c">DLC-B</subfield>
					</datafield>
					<datafield tag="072" ind1=" " ind2="7">
						<subfield code="a">FAMIAF</subfield>
						<subfield code="2">NBDL</subfield>
					</datafield>
					<datafield tag="072" ind1=" " ind2="7">
						<subfield code="a">HUMAAF</subfield>
						<subfield code="2">NBDL</subfield>
					</datafield>
					<datafield tag="072" ind1=" " ind2="7">
						<subfield code="a">RELFAF</subfield>
						<subfield code="2">NBDL</subfield>
					</datafield>
					<datafield tag="082" ind1="0" ind2="0">
						<subfield code="a">813.54</subfield>
						<subfield code="a">AFI</subfield>
						<subfield code="2">21</subfield>
					</datafield>
					<datafield tag="084" ind1=" " ind2=" ">
						<subfield code="a">BRG01474</subfield>
						<subfield code="2">z</subfield>
					</datafield>
					<datafield tag="100" ind1="1" ind2=" ">
						<subfield code="a">Anderson-Dargatz, Gail,</subfield>
						<subfield code="d">1963-</subfield>
						<subfield code="e">author.</subfield>
					</datafield>
					<datafield tag="245" ind1="1" ind2="2">
						<subfield code="a">A rhinestone button</subfield>
						<subfield code="h">[braille] /</subfield>
						<subfield code="c">by Gail Anderson-Dargatz.</subfield>
					</datafield>
					<datafield tag="260" ind1=" " ind2=" ">
						<subfield code="a">Toronto :</subfield>
						<subfield code="b">CNIB,</subfield>
						<subfield code="c">2005.</subfield>
					</datafield>
					<datafield tag="300" ind1=" " ind2=" ">
						<subfield code="a">4 volumes of braille.</subfield>
					</datafield>
					<datafield tag="336" ind1=" " ind2=" ">
						<subfield code="a">tactile text</subfield>
						<subfield code="b">tct</subfield>
						<subfield code="2">rdacontent</subfield>
					</datafield>
					<datafield tag="337" ind1=" " ind2=" ">
						<subfield code="a">unmediated</subfield>
						<subfield code="b">n</subfield>
						<subfield code="2">rdamedia</subfield>
					</datafield>
					<datafield tag="338" ind1=" " ind2=" ">
						<subfield code="a">volume</subfield>
						<subfield code="b">nc</subfield>
						<subfield code="2">rdacarrier</subfield>
					</datafield>
					<datafield tag="385" ind1=" " ind2=" ">
						<subfield code="n">age</subfield>
						<subfield code="a">adults</subfield>
						<subfield code="2">lcdgt </subfield>
					</datafield>
					<datafield tag="500" ind1=" " ind2=" ">
						<subfield code="a">Accessed by the National Library Service for the Blind and Print Disabled in 2020.</subfield>
					</datafield>
					<datafield tag="500" ind1=" " ind2=" ">
						<subfield code="a">Title made available courtesy of the Canadian National Institute for the Blind via the Marrakesh Treaty in 2020.</subfield>
					</datafield>
					<datafield tag="506" ind1=" " ind2=" ">
						<subfield code="a">Availability restricted to persons meeting the eligibility requirements of the National Library Service for the Blind and Print Disabled, Library of Congress.</subfield>
					</datafield>
					<datafield tag="520" ind1=" " ind2=" ">
						<subfield code="a">Job Sunstrom is a religious man who loves the church. When his brother's family moves back into the family farmhouse where Job lives, they bring along an evangelist. Job's brother urges him to become one of the evangelist's religious foot soldiers. But this leaves him wondering if he will ever find love of a more earthly kind. 2002.</subfield>
					</datafield>
					<datafield tag="521" ind1=" " ind2=" ">
						<subfield code="a">Unrated.</subfield>
						<subfield code="b">NLS/BPH</subfield>
					</datafield>
					<datafield tag="534" ind1=" " ind2=" ">
						<subfield code="p">Transcription of:</subfield>
						<subfield code="c">Toronto: A.A. Knopf Canada, 2002.</subfield>
						<subfield code="z">0676975496.</subfield>
					</datafield>
					<datafield tag="546" ind1=" " ind2=" ">
						<subfield code="a">Contracted braille.</subfield>
					</datafield>
					<datafield tag="594" ind1=" " ind2=" ">
						<subfield code="a">CELA</subfield>
						<subfield code="b">EB71736</subfield>
						<subfield code="c">M</subfield>
					</datafield>
					<datafield tag="650" ind1=" " ind2="0">
						<subfield code="a">Brothers</subfield>
						<subfield code="v">Fiction.</subfield>
					</datafield>
					<datafield tag="650" ind1=" " ind2="0">
						<subfield code="a">Christian life</subfield>
						<subfield code="v">Fiction.</subfield>
					</datafield>
					<datafield tag="650" ind1=" " ind2="0">
						<subfield code="a">Evangelists</subfield>
						<subfield code="v">Fiction.</subfield>
					</datafield>
					<datafield tag="650" ind1=" " ind2="0">
						<subfield code="a">Families</subfield>
						<subfield code="v">Fiction.</subfield>
					</datafield>
					<datafield tag="650" ind1=" " ind2="0">
						<subfield code="a">Farmers</subfield>
						<subfield code="v">Fiction.</subfield>
					</datafield>
					<datafield tag="651" ind1=" " ind2="0">
						<subfield code="a">Alberta</subfield>
						<subfield code="v">Fiction.</subfield>
					</datafield>
					<datafield tag="655" ind1=" " ind2="4">
						<subfield code="a">Downloadable books.</subfield>
					</datafield>
					<datafield tag="655" ind1=" " ind2="7">
						<subfield code="a">Braille books.</subfield>
						<subfield code="2">lcgft</subfield>
					</datafield>
					<datafield tag="655" ind1=" " ind2="7">
						<subfield code="a">Christian fiction.</subfield>
						<subfield code="2">gsafd</subfield>
					</datafield>
					<datafield tag="655" ind1=" " ind2="7">
						<subfield code="a">Domestic fiction.</subfield>
						<subfield code="2">lcgft</subfield>
					</datafield>
					<datafield tag="655" ind1=" " ind2="7">
						<subfield code="a">Fiction.</subfield>
						<subfield code="2">lcgft</subfield>
					</datafield>
					<datafield tag="655" ind1=" " ind2="7">
						<subfield code="a">Religious fiction.</subfield>
						<subfield code="2">lcgft</subfield>
					</datafield>
					<datafield tag="852" ind1="8" ind2="1">
						<subfield code="a">DLC-B</subfield>
						<subfield code="c">BRG01474</subfield>
						<subfield code="z">NLS/BPH</subfield>
					</datafield>
					<datafield tag="856" ind1="4" ind2="0">
						<subfield code="u">http://hdl.loc.gov/loc.nls/brg.01474v01</subfield>
						<subfield code="3">Volume 1.</subfield>
					</datafield>
					<datafield tag="856" ind1="4" ind2="0">
						<subfield code="u">http://hdl.loc.gov/loc.nls/brg.01474v02</subfield>
						<subfield code="3">Volume 2.</subfield>
					</datafield>
					<datafield tag="856" ind1="4" ind2="0">
						<subfield code="u">http://hdl.loc.gov/loc.nls/brg.01474v03</subfield>
						<subfield code="3">Volume 3.</subfield>
					</datafield>
					<datafield tag="856" ind1="4" ind2="0">
						<subfield code="u">http://hdl.loc.gov/loc.nls/brg.01474v04</subfield>
						<subfield code="3">Volume 4.</subfield>
					</datafield>
					<datafield tag="955" ind1=" " ind2=" ">
						<subfield code="a">01 JUN 2021 brg jkozak</subfield>
					</datafield>
				</record>
			</zs:recordData>
			<zs:recordPosition>5</zs:recordPosition>
		</zs:record>