
		<zs:record>
			<zs:recordSchema>marcxml</zs:recordSchema>
			<zs:recordPacking>xml</zs:recordPacking>
			<zs:recordData>
				<record xmlns="http://www.loc.gov/MARC21/slim">
					<leader>02750cam a22005412a 4500</leader>
					<controlfield tag="001">1073948</controlfield>
					<controlfield tag="005">20220811125615.0</controlfield>
					<controlfield tag="007">cr nn nnn|||aa</controlfield>
					<controlfield tag="007">fb|a bnnnn</controlfield>
					<controlfield tag="008">060718s20062001onc    ef  z  000 0dengdd</controlfield>
					<datafield tag="010" ind1=" " ind2=" ">
						<subfield code="a">  2021996593</subfield>
					</datafield>
					<datafield tag="020" ind1=" " ind2=" ">
						<subfield code="a">0616297564</subfield>
					</datafield>
					<datafield tag="040" ind1=" " ind2=" ">
						<subfield code="a">DLC-B</subfield>
						<subfield code="b">eng</subfield>
						<subfield code="c">DLC-B</subfield>
					</datafield>
					<datafield tag="043" ind1=" " ind2=" ">
						<subfield code="a">sa-----</subfield>
					</datafield>
					<datafield tag="072" ind1=" " ind2="7">
						<subfield code="a">GENEAN</subfield>
						<subfield code="2">NBDL</subfield>
					</datafield>
					<datafield tag="072" ind1=" " ind2="7">
						<subfield code="a">TRAVAN</subfield>
						<subfield code="2">NBDL</subfield>
					</datafield>
					<datafield tag="082" ind1="0" ind2="0">
						<subfield code="a">918.110464</subfield>
						<subfield code="a">ANF</subfield>
						<subfield code="2">22</subfield>
					</datafield>
					<datafield tag="084" ind1=" " ind2=" ">
						<subfield code="a">BRG01509</subfield>
						<subfield code="2">z</subfield>
					</datafield>
					<datafield tag="100" ind1="1" ind2=" ">
						<subfield code="a">Angus, Colin,</subfield>
						<subfield code="e">author.</subfield>
					</datafield>
					<datafield tag="245" ind1="1" ind2="0">
						<subfield code="a">Amazon extreme</subfield>
						<subfield code="h">[braille] :</subfield>
						<subfield code="b">three ordinary guys, one rubber raft and the most dangerous river on Earth /</subfield>
						<subfield code="c">by Colin Angus &amp; Ian Mulgrew.</subfield>
					</datafield>
					<datafield tag="260" ind1=" " ind2=" ">
						<subfield code="a">Toronto :</subfield>
						<subfield code="b">CNIB,</subfield>
						<subfield code="c">2005.</subfield>
					</datafield>
					<datafield tag="300" ind1=" " ind2=" ">
						<subfield code="a">3 volumes of braille.</subfield>
					</datafield>
					<datafield tag="336" ind1=" " ind2=" ">
						<subfield code="a">tactile text</subfield>
						<subfield code="b">tct</subfield>
						<subfield code="2">rdacontent</subfield>
					</datafield>
					<datafield tag="337" ind1=" " ind2=" ">
						<subfield code="a">unmediated</subfield>
						<subfield code="b">n</subfield>
						<subfield code="2">rdamedia</subfield>
					</datafield>
					<datafield tag="338" ind1=" " ind2=" ">
						<subfield code="a">volume</subfield>
						<subfield code="b">nc</subfield>
						<subfield code="2">rdacarrier</subfield>
					</datafield>
					<datafield tag="385" ind1=" " ind2=" ">
						<subfield code="n">age</subfield>
						<subfield code="a">adults</subfield>
						<subfield code="2">lcdgt</subfield>
					</datafield>
					<datafield tag="500" ind1=" " ind2=" ">
						<subfield code="a">Accessed by the National Library Service for the Blind and Print Disabled in 2020.</subfield>
					</datafield>
					<datafield tag="500" ind1=" " ind2=" ">
						<subfield code="a">Title made available courtesy of the Canadian National Institute for the Blind via the Marrakesh Treaty in 2020.</subfield>
					</datafield>
					<datafield tag="506" ind1=" " ind2=" ">
						<subfield code="a">Availability restricted to persons meeting the eligibility requirements of the National Library Service for the Blind and Print Disabled, Library of Congress.</subfield>
					</datafield>
					<datafield tag="520" ind1=" " ind2=" ">
						<subfield code="a">With no money to speak of and inaccurate, fifty-year-old maps to guide them, a trio of twenty-something adrenaline junkies managed to persevere through violent rapids, guerrilla gunfire, mosquito-infested drinking water, and numerous bouts of sickness in an attempt to become the first team to raft the entire length of the Amazon River - and (barely) live to tell about it. Beginning with the dehydration that nearly did them in as they hiked the Andes to the river's source, the book is an account of the daily challenges, dangers, and triumphs experienced over the course of this five-month expedition. 2004, c2001. Unrated. Marrakesh title.</subfield>
					</datafield>
					<datafield tag="521" ind1=" " ind2=" ">
						<subfield code="a">Unrated.</subfield>
						<subfield code="b">NLS/BPD</subfield>
					</datafield>
					<datafield tag="534" ind1=" " ind2=" ">
						<subfield code="p">Transcription of:</subfield>
						<subfield code="c">Toronto : Anchor Canada, 2004, 2001.</subfield>
						<subfield code="z">038566009X.</subfield>
					</datafield>
					<datafield tag="546" ind1=" " ind2=" ">
						<subfield code="b">Contracted braille.</subfield>
					</datafield>
					<datafield tag="594" ind1=" " ind2=" ">
						<subfield code="a">CELA</subfield>
						<subfield code="b">EB73425</subfield>
					</datafield>
					<datafield tag="600" ind1="1" ind2="0">
						<subfield code="a">Angus, Colin</subfield>
						<subfield code="x">Travel</subfield>
						<subfield code="z">Amazon River.</subfield>
					</datafield>
					<datafield tag="650" ind1=" " ind2="0">
						<subfield code="a">Rafting (Sports)</subfield>
						<subfield code="z">Amazon River.</subfield>
					</datafield>
					<datafield tag="651" ind1=" " ind2="0">
						<subfield code="a">Amazon River</subfield>
						<subfield code="x">Description and travel.</subfield>
					</datafield>
					<datafield tag="655" ind1=" " ind2="4">
						<subfield code="a">Downloadable books.</subfield>
					</datafield>
					<datafield tag="655" ind1=" " ind2="4">
						<subfield code="a">Nonfiction.</subfield>
					</datafield>
					<datafield tag="655" ind1=" " ind2="7">
						<subfield code="a">Braille books.</subfield>
						<subfield code="2">lcgft</subfield>
					</datafield>
					<datafield tag="655" ind1=" " ind2="7">
						<subfield code="a">Travel writing.</subfield>
						<subfield code="2">lcgft</subfield>
					</datafield>
					<datafield tag="700" ind1="1" ind2=" ">
						<subfield code="a">Mulgrew, Ian,</subfield>
						<subfield code="d">1957-</subfield>
						<subfield code="e">author.</subfield>
					</datafield>
					<datafield tag="852" ind1="8" ind2="1">
						<subfield code="a">DLC-B</subfield>
						<subfield code="c">BRG01509</subfield>
						<subfield code="z">NLS/BPD</subfield>
					</datafield>
					<datafield tag="856" ind1="4" ind2="0">
						<subfield code="u">http://hdl.loc.gov/loc.nls/brg.01509v01</subfield>
						<subfield code="3">Volume 1.</subfield>
					</datafield>
					<datafield tag="856" ind1="4" ind2="0">
						<subfield code="u">http://hdl.loc.gov/loc.nls/brg.01509v02</subfield>
						<subfield code="3">Volume 2.</subfield>
					</datafield>
					<datafield tag="856" ind1="4" ind2="0">
						<subfield code="u">http://hdl.loc.gov/loc.nls/brg.01509v03</subfield>
						<subfield code="3">Volume 3.</subfield>
					</datafield>
					<datafield tag="955" ind1=" " ind2=" ">
						<subfield code="a">28 SEP 2021 brg jkozak</subfield>
					</datafield>
					<datafield tag="955" ind1=" " ind2=" ">
						<subfield code="a">jkozak e 008 d 072</subfield>
					</datafield>
				</record>
			</zs:recordData>
			<zs:recordPosition>6</zs:recordPosition>
		</zs:record>