
		<zs:record>
			<zs:recordSchema>marcxml</zs:recordSchema>
			<zs:recordPacking>xml</zs:recordPacking>
			<zs:recordData>
				<record xmlns="http://www.loc.gov/MARC21/slim">
					<leader>02970cam a22006612a 4500</leader>
					<controlfield tag="001">1096156</controlfield>
					<controlfield tag="005">20220811130035.0</controlfield>
					<controlfield tag="007">cr nn nnn|||aa</controlfield>
					<controlfield tag="007">fb|a bnnnn</controlfield>
					<controlfield tag="008">060508s2005    onc    ef     000 1 eng d</controlfield>
					<datafield tag="010" ind1=" " ind2=" ">
						<subfield code="a">  2022998324</subfield>
					</datafield>
					<datafield tag="020" ind1=" " ind2=" ">
						<subfield code="a">0616295111</subfield>
					</datafield>
					<datafield tag="040" ind1=" " ind2=" ">
						<subfield code="a">DLC-B</subfield>
						<subfield code="b">eng</subfield>
						<subfield code="c">DLC-B</subfield>
					</datafield>
					<datafield tag="041" ind1="0" ind2=" ">
						<subfield code="a">eng</subfield>
					</datafield>
					<datafield tag="072" ind1=" " ind2="7">
						<subfield code="a">FANTAF</subfield>
						<subfield code="2">NBDL</subfield>
					</datafield>
					<datafield tag="072" ind1=" " ind2="7">
						<subfield code="a">OCCFAF</subfield>
						<subfield code="2">NBDL</subfield>
					</datafield>
					<datafield tag="082" ind1="0" ind2="0">
						<subfield code="a">813.6</subfield>
						<subfield code="a">AFI</subfield>
						<subfield code="2">22</subfield>
					</datafield>
					<datafield tag="084" ind1=" " ind2=" ">
						<subfield code="a">BRG00746</subfield>
						<subfield code="2">z</subfield>
					</datafield>
					<datafield tag="100" ind1="1" ind2=" ">
						<subfield code="a">Armstrong, Kelley,</subfield>
						<subfield code="e">author.</subfield>
					</datafield>
					<datafield tag="245" ind1="1" ind2="0">
						<subfield code="a">Dime store magic</subfield>
						<subfield code="h">[braille] /</subfield>
						<subfield code="c">by Kelley Armstrong.</subfield>
					</datafield>
					<datafield tag="260" ind1=" " ind2=" ">
						<subfield code="a">Toronto :</subfield>
						<subfield code="b">CNIB,</subfield>
						<subfield code="c">2005.</subfield>
					</datafield>
					<datafield tag="300" ind1=" " ind2=" ">
						<subfield code="a">4 volumes of braille.</subfield>
					</datafield>
					<datafield tag="336" ind1=" " ind2=" ">
						<subfield code="a">tactile text</subfield>
						<subfield code="b">tct</subfield>
						<subfield code="2">rdacontent</subfield>
					</datafield>
					<datafield tag="337" ind1=" " ind2=" ">
						<subfield code="a">unmediated</subfield>
						<subfield code="b">n</subfield>
						<subfield code="2">rdamedia</subfield>
					</datafield>
					<datafield tag="338" ind1=" " ind2=" ">
						<subfield code="a">volume</subfield>
						<subfield code="b">nc</subfield>
						<subfield code="2">rdacarrier</subfield>
					</datafield>
					<datafield tag="385" ind1=" " ind2=" ">
						<subfield code="n">age</subfield>
						<subfield code="a">adults</subfield>
						<subfield code="2">lcdgt</subfield>
					</datafield>
					<datafield tag="385" ind1=" " ind2=" ">
						<subfield code="n">age</subfield>
						<subfield code="a">teenagers</subfield>
						<subfield code="2">lcdgt</subfield>
					</datafield>
					<datafield tag="440" ind1=" " ind2="0">
						<subfield code="a">Women of the Otherworld ;</subfield>
						<subfield code="v">03</subfield>
					</datafield>
					<datafield tag="490" ind1="1" ind2=" ">
						<subfield code="a">Women of the Otherworld ;</subfield>
						<subfield code="v">03</subfield>
					</datafield>
					<datafield tag="500" ind1=" " ind2=" ">
						<subfield code="a">Accessed by the National Library Service for the Blind and Print Disabled in 2020.</subfield>
					</datafield>
					<datafield tag="500" ind1=" " ind2=" ">
						<subfield code="a">Title made available courtesy of the Canadian National Institute for the Blind via the Marrakesh Treaty in 2020.</subfield>
					</datafield>
					<datafield tag="506" ind1=" " ind2=" ">
						<subfield code="a">Availability restricted to persons meeting the eligibility requirements of the National Library Service for the Blind and Print Disabled, Library of Congress.</subfield>
					</datafield>
					<datafield tag="520" ind1=" " ind2=" ">
						<subfield code="a">Paige, an ordinary twenty-something who runs her own website design company, also happens to a witch. She is the leader of the American Coven and the guardian of Savannah, the teenage daughter of a black witch. When a telekinetic half-demon shows up to fight for the custody of Savannah, she brings supernatural help that Paige is not ready for. Descriptions of sex and violence. 2004. Marrakesh title.</subfield>
					</datafield>
					<datafield tag="521" ind1=" " ind2=" ">
						<subfield code="a">Contains descriptions of sex.</subfield>
						<subfield code="b">NLS/BPD</subfield>
					</datafield>
					<datafield tag="521" ind1=" " ind2=" ">
						<subfield code="a">Contains violence.</subfield>
						<subfield code="b">NLS/BPD</subfield>
					</datafield>
					<datafield tag="534" ind1=" " ind2=" ">
						<subfield code="p">Transcription of:</subfield>
						<subfield code="c">Toronto : Random House Canada, 2004.</subfield>
						<subfield code="z">0679312951.</subfield>
					</datafield>
					<datafield tag="546" ind1=" " ind2=" ">
						<subfield code="b">Contracted braille.</subfield>
					</datafield>
					<datafield tag="594" ind1=" " ind2=" ">
						<subfield code="a">CELA</subfield>
						<subfield code="b">EB72895</subfield>
					</datafield>
					<datafield tag="650" ind1=" " ind2="0">
						<subfield code="a">Demonology</subfield>
						<subfield code="v">Fiction.</subfield>
					</datafield>
					<datafield tag="650" ind1=" " ind2="0">
						<subfield code="a">Guardian and ward</subfield>
						<subfield code="v">Fiction.</subfield>
					</datafield>
					<datafield tag="650" ind1=" " ind2="0">
						<subfield code="a">Magic</subfield>
						<subfield code="v">Fiction.</subfield>
					</datafield>
					<datafield tag="650" ind1=" " ind2="0">
						<subfield code="a">Murder</subfield>
						<subfield code="v">Fiction.</subfield>
					</datafield>
					<datafield tag="650" ind1=" " ind2="0">
						<subfield code="a">Orphans</subfield>
						<subfield code="v">Fiction.</subfield>
					</datafield>
					<datafield tag="650" ind1=" " ind2="0">
						<subfield code="a">Witches</subfield>
						<subfield code="v">Fiction.</subfield>
					</datafield>
					<datafield tag="655" ind1=" " ind2="4">
						<subfield code="a">Downloadable books.</subfield>
					</datafield>
					<datafield tag="655" ind1=" " ind2="7">
						<subfield code="a">Braille books.</subfield>
						<subfield code="2">lcgft</subfield>
					</datafield>
					<datafield tag="655" ind1=" " ind2="7">
						<subfield code="a">Fantasy fiction.</subfield>
						<subfield code="2">lcgft</subfield>
					</datafield>
					<datafield tag="655" ind1=" " ind2="7">
						<subfield code="a">Fiction.</subfield>
						<subfield code="2">lcgft</subfield>
					</datafield>
					<datafield tag="655" ind1=" " ind2="7">
						<subfield code="a">Paranormal fiction.</subfield>
						<subfield code="2">lcgft</subfield>
					</datafield>
					<datafield tag="730" ind1="0" ind2=" ">
						<subfield code="a">Marrakesh Treaty to Facilitate Access to Published Works for Persons who are Blind, Visually Impaired, or Otherwise Print Disabled</subfield>
						<subfield code="d">(2013 June 27)</subfield>
					</datafield>
					<datafield tag="800" ind1="1" ind2=" ">
						<subfield code="a">Armstrong, Kelley.</subfield>
						<subfield code="t">Women of the Otherworld ;</subfield>
						<subfield code="v">03.</subfield>
					</datafield>
					<datafield tag="852" ind1="8" ind2="1">
						<subfield code="a">DLC-B</subfield>
						<subfield code="c">BRG00746</subfield>
						<subfield code="z">NLS/BPD</subfield>
					</datafield>
					<datafield tag="856" ind1="4" ind2="0">
						<subfield code="u">http://hdl.loc.gov/loc.nls/brg.00746v01</subfield>
						<subfield code="3">Volume 1.</subfield>
					</datafield>
					<datafield tag="856" ind1="4" ind2="0">
						<subfield code="u">http://hdl.loc.gov/loc.nls/brg.00746v02</subfield>
						<subfield code="3">Volume 2.</subfield>
					</datafield>
					<datafield tag="856" ind1="4" ind2="0">
						<subfield code="u">http://hdl.loc.gov/loc.nls/brg.00746v03</subfield>
						<subfield code="3">Volume 3.</subfield>
					</datafield>
					<datafield tag="856" ind1="4" ind2="0">
						<subfield code="u">http://hdl.loc.gov/loc.nls/brg.00746v04</subfield>
						<subfield code="3">Volume 4.</subfield>
					</datafield>
					<datafield tag="906" ind1=" " ind2=" ">
						<subfield code="a">7</subfield>
						<subfield code="b">cbc</subfield>
						<subfield code="c">blndbks</subfield>
					</datafield>
					<datafield tag="955" ind1=" " ind2=" ">
						<subfield code="a">09 AUG 2022 brg jkozak</subfield>
					</datafield>
				</record>
			</zs:recordData>
			<zs:recordPosition>8</zs:recordPosition>
		</zs:record>