
		<zs:record>
			<zs:recordSchema>marcxml</zs:recordSchema>
			<zs:recordPacking>xml</zs:recordPacking>
			<zs:recordData>
				<record xmlns="http://www.loc.gov/MARC21/slim">
					<leader>02624cim a22006611a 4500</leader>
					<controlfield tag="001">1080219</controlfield>
					<controlfield tag="005">20231219115215.0</controlfield>
					<controlfield tag="007">cr nnannnm|cda</controlfield>
					<controlfield tag="007">sr nmnnnnnnned</controlfield>
					<controlfield tag="008">051006s2005    oncnnnneq      pn n eng d</controlfield>
					<datafield tag="010" ind1=" " ind2=" ">
						<subfield code="a">  2022990053</subfield>
					</datafield>
					<datafield tag="020" ind1=" " ind2=" ">
						<subfield code="a">0616263317 (CNIB)</subfield>
					</datafield>
					<datafield tag="040" ind1=" " ind2=" ">
						<subfield code="a">DLC-B</subfield>
						<subfield code="b">eng</subfield>
						<subfield code="c">DLC-B</subfield>
					</datafield>
					<datafield tag="050" ind1="0" ind2="0">
						<subfield code="a">PR9199.3.A8</subfield>
						<subfield code="b">M67 2005</subfield>
					</datafield>
					<datafield tag="072" ind1=" " ind2="7">
						<subfield code="a">GENEAN</subfield>
						<subfield code="2">NBDL</subfield>
					</datafield>
					<datafield tag="072" ind1=" " ind2="7">
						<subfield code="a">POETAN</subfield>
						<subfield code="2">NBDL</subfield>
					</datafield>
					<datafield tag="082" ind1="0" ind2="0">
						<subfield code="a">811.54</subfield>
						<subfield code="a">ANF</subfield>
						<subfield code="2">20</subfield>
					</datafield>
					<datafield tag="084" ind1=" " ind2=" ">
						<subfield code="a">DBG02475</subfield>
						<subfield code="2">z</subfield>
					</datafield>
					<datafield tag="100" ind1="1" ind2=" ">
						<subfield code="a">Atwood, Margaret,</subfield>
						<subfield code="d">1939-</subfield>
						<subfield code="e">author.</subfield>
					</datafield>
					<datafield tag="245" ind1="1" ind2="0">
						<subfield code="a">Morning in the burned house</subfield>
						<subfield code="h">[sound recording] /</subfield>
						<subfield code="c">by Margaret Atwood.</subfield>
					</datafield>
					<datafield tag="260" ind1=" " ind2=" ">
						<subfield code="a">Toronto :</subfield>
						<subfield code="b">CNIB,</subfield>
						<subfield code="c">2005.</subfield>
					</datafield>
					<datafield tag="300" ind1=" " ind2=" ">
						<subfield code="a">1 online resource (audio (1 hour, 43 minutes))</subfield>
					</datafield>
					<datafield tag="306" ind1=" " ind2=" ">
						<subfield code="a">014300</subfield>
					</datafield>
					<datafield tag="336" ind1=" " ind2=" ">
						<subfield code="a">spoken word</subfield>
						<subfield code="b">spw</subfield>
						<subfield code="2">rdacontent</subfield>
					</datafield>
					<datafield tag="337" ind1=" " ind2=" ">
						<subfield code="a">audio</subfield>
						<subfield code="b">s</subfield>
						<subfield code="2">rdamedia</subfield>
					</datafield>
					<datafield tag="337" ind1=" " ind2=" ">
						<subfield code="a">computer</subfield>
						<subfield code="b">c</subfield>
						<subfield code="2">rdamedia</subfield>
					</datafield>
					<datafield tag="338" ind1=" " ind2=" ">
						<subfield code="a">online resource</subfield>
						<subfield code="b">cr</subfield>
						<subfield code="2">rdacarrier</subfield>
					</datafield>
					<datafield tag="344" ind1=" " ind2=" ">
						<subfield code="a">digital</subfield>
						<subfield code="g">mono</subfield>
						<subfield code="2">rda</subfield>
					</datafield>
					<datafield tag="347" ind1=" " ind2=" ">
						<subfield code="a">audio file</subfield>
						<subfield code="b">Daisy</subfield>
						<subfield code="2">rda</subfield>
					</datafield>
					<datafield tag="385" ind1=" " ind2=" ">
						<subfield code="n">age</subfield>
						<subfield code="a">adults</subfield>
						<subfield code="2">lcdgt</subfield>
					</datafield>
					<datafield tag="500" ind1=" " ind2=" ">
						<subfield code="a">Accessed by the National Library Service for the Blind and Print Disabled in 2020.</subfield>
					</datafield>
					<datafield tag="500" ind1=" " ind2=" ">
						<subfield code="a">Title made available courtesy of the Canadian National Institute for the Blind via the Marrakesh Treaty in 2020.</subfield>
					</datafield>
					<datafield tag="506" ind1=" " ind2=" ">
						<subfield code="a">Availability restricted to persons meeting the eligibility requirements of the National Library Service for the Blind and Print Disabled, Library of Congress.</subfield>
					</datafield>
					<datafield tag="511" ind1="0" ind2=" ">
						<subfield code="a">Narrated by: Kathleen Miller.</subfield>
					</datafield>
					<datafield tag="516" ind1=" " ind2=" ">
						<subfield code="a">Digital talking book.</subfield>
					</datafield>
					<datafield tag="520" ind1=" " ind2=" ">
						<subfield code="a">Atwood's first book of poetry in a decade draws on mythology, love, the fragility of nature, and death. 1995. Unrated. Marrakesh title.</subfield>
					</datafield>
					<datafield tag="521" ind1=" " ind2=" ">
						<subfield code="a">Female narrator.</subfield>
						<subfield code="b">NLS/BPD</subfield>
					</datafield>
					<datafield tag="521" ind1=" " ind2=" ">
						<subfield code="a">Unrated.</subfield>
						<subfield code="b">NLS/BPD</subfield>
					</datafield>
					<datafield tag="534" ind1=" " ind2=" ">
						<subfield code="p">Recorded from:</subfield>
						<subfield code="c">Toronto : McClelland &amp; Stewart, c1995.</subfield>
						<subfield code="z">0771008309.</subfield>
					</datafield>
					<datafield tag="538" ind1=" " ind2=" ">
						<subfield code="a">Full audio with structure.</subfield>
					</datafield>
					<datafield tag="538" ind1=" " ind2=" ">
						<subfield code="a">System requirements: NLS authorized digital talking book player or software. Contact your cooperating library for more information.</subfield>
					</datafield>
					<datafield tag="594" ind1=" " ind2=" ">
						<subfield code="a">CELA</subfield>
						<subfield code="b">DZ12739</subfield>
					</datafield>
					<datafield tag="650" ind1=" " ind2="0">
						<subfield code="a">Canadian poetry</subfield>
						<subfield code="y">20th century.</subfield>
					</datafield>
					<datafield tag="650" ind1=" " ind2="0">
						<subfield code="a">Death</subfield>
						<subfield code="v">Poetry.</subfield>
					</datafield>
					<datafield tag="650" ind1=" " ind2="0">
						<subfield code="a">Love</subfield>
						<subfield code="v">Poetry.</subfield>
					</datafield>
					<datafield tag="650" ind1=" " ind2="0">
						<subfield code="a">Mythology</subfield>
						<subfield code="v">Poetry.</subfield>
					</datafield>
					<datafield tag="650" ind1=" " ind2="0">
						<subfield code="a">Nature</subfield>
						<subfield code="v">Poetry.</subfield>
					</datafield>
					<datafield tag="655" ind1=" " ind2="4">
						<subfield code="a">Downloadable books.</subfield>
					</datafield>
					<datafield tag="655" ind1=" " ind2="4">
						<subfield code="a">Nonfiction.</subfield>
					</datafield>
					<datafield tag="655" ind1=" " ind2="7">
						<subfield code="a">Love poetry.</subfield>
						<subfield code="2">lcgft</subfield>
					</datafield>
					<datafield tag="655" ind1=" " ind2="7">
						<subfield code="a">Nature poetry.</subfield>
						<subfield code="2">lcgft</subfield>
					</datafield>
					<datafield tag="655" ind1=" " ind2="7">
						<subfield code="a">Poetry.</subfield>
						<subfield code="2">lcgft</subfield>
					</datafield>
					<datafield tag="655" ind1=" " ind2="7">
						<subfield code="a">Talking books.</subfield>
						<subfield code="2">lcgft</subfield>
					</datafield>
					<datafield tag="700" ind1="1" ind2=" ">
						<subfield code="a">Miller, Kathleen,</subfield>
						<subfield code="e">narrator.</subfield>
					</datafield>
					<datafield tag="852" ind1="8" ind2="1">
						<subfield code="a">DLC-B</subfield>
						<subfield code="c">DBG02475</subfield>
						<subfield code="z">NLS/BPD</subfield>
					</datafield>
					<datafield tag="856" ind1="4" ind2="0">
						<subfield code="u">http://hdl.loc.gov/loc.nls/dbg.02475</subfield>
						<subfield code="3">Downloadable talking book.</subfield>
						<subfield code="x">bard audio</subfield>
					</datafield>
					<datafield tag="906" ind1=" " ind2=" ">
						<subfield code="a">7</subfield>
						<subfield code="b">cbc</subfield>
						<subfield code="c">blndbks</subfield>
					</datafield>
					<datafield tag="955" ind1=" " ind2=" ">
						<subfield code="a">18 JAN 2021 dbg jkozak</subfield>
					</datafield>
				</record>
			</zs:recordData>
			<zs:recordPosition>10</zs:recordPosition>
		</zs:record>
	</zs:records>
	<zs:nextRecordPosition>11</zs:nextRecordPosition>
	<zs:echoedSearchRetrieveRequest>
		<zs:version>1.1</zs:version>
		<zs:query>dc.publisher=CNIB AND dc.date=2005</zs:query>
		<zs:maximumRecords>10</zs:maximumRecords>
		<zs:recordPacking>xml</zs:recordPacking>
		<zs:recordSchema>marcxml</zs:recordSchema>
	</zs:echoedSearchRetrieveRequest>
</zs:searchRetrieveResponse>